@inproceedings{lattner2004llvm1,
  title={LLVM: A compilation framework for lifelong program analysis \& transformation},
  author={Lattner, Chris and Adve, Vikram},
  booktitle={Code Generation and Optimization, 2004. CGO 2004. International Symposium on},
  pages={75--86},
  year={2004},
  organization={IEEE}
}

@incollection{lattner2004llvm2,
  title={The LLVM compiler framework and infrastructure tutorial},
  author={Lattner, Chris and Adve, Vikram},
  booktitle={Languages and Compilers for High Performance Computing},
  pages={15--16},
  year={2004},
  publisher={Springer}
}

@inproceedings{lattner2008llvm,
  title={LLVM and Clang: Next generation compiler technology},
  author={Lattner, Chris},
  booktitle={The BSD Conference},
  pages={1--2},
  year={2008}
}

@book{lopes2014getting,
  title={Getting Started with LLVM Core Libraries},
  author={Lopes, Bruno Cardoso and Auler, Rafael},
  year={2014},
  publisher={Packt Publishing Ltd}
}

@book{johnson1975yacc,
  title={Yacc: Yet another compiler-compiler},
  author={Johnson, Stephen C},
  volume={32},
  year={1975},
  publisher={Bell Laboratories Murray Hill, NJ}
}

@book{appel2004modern,
  title={Modern compiler implementation in C},
  author={Appel, Andrew W},
  year={2004},
  publisher={Cambridge university press}
}

@misc{Error86:online,
author = {},
title = {Error handling and Go - The Go Blog},
howpublished = {\url{http://blog.golang.org/error-handling-and-go}},
month = {01},
year = {2011},
note = {(Accessed on 04/24/2016)}
}
